@InProceedings{ mckinney-proc-scipy-2010,
  author    = { {W}es {M}c{K}inney },
  title     = { {D}ata {S}tructures for {S}tatistical {C}omputing in {P}ython },
  booktitle = { {P}roceedings of the 9th {P}ython in {S}cience {C}onference },
  pages     = { 56 - 61 },
  year      = { 2010 },
  editor    = { {S}t\'efan van der {W}alt and {J}arrod {M}illman },
  doi       = { 10.25080/Majora-92bf1922-00a }
}

@software{reback2020pandas,
    author       = {The pandas development team},
    title        = {pandas-dev/pandas: Pandas},
    month        = aug,
    year         = 2020,
    publisher    = {Zenodo},
    version      = {1.1.1},
    doi          = {10.5281/zenodo.3509134},
    url          = {https://doi.org/10.5281/zenodo.3509134}
}

@article{astropy:2018,
      Adsnote = {Provided by the SAO/NASA Astrophysics Data System},
      Adsurl = {https://ui.adsabs.harvard.edu/#abs/2018AJ....156..123T},
      Author = {{Price-Whelan}, A.~M. and {Sip{\H{o}}cz}, B.~M. and {G{\"u}nther}, H.~M. and {Lim}, P.~L. and {Crawford}, S.~M. and {Conseil}, S. and {Shupe}, D.~L. and {Craig}, M.~W. and {Dencheva}, N. and {Ginsburg}, A. and {VanderPlas}, J.~T. and {Bradley}, L.~D. and {P{\'e}rez-Su{\'a}rez}, D. and {de Val-Borro}, M. and {Paper Contributors}, (Primary and {Aldcroft}, T.~L. and {Cruz}, K.~L. and {Robitaille}, T.~P. and {Tollerud}, E.~J. and {Coordination Committee}, (Astropy and {Ardelean}, C. and {Babej}, T. and {Bach}, Y.~P. and {Bachetti}, M. and {Bakanov}, A.~V. and {Bamford}, S.~P. and {Barentsen}, G. and {Barmby}, P. and {Baumbach}, A. and {Berry}, K.~L. and {Biscani}, F. and {Boquien}, M. and {Bostroem}, K.~A. and {Bouma}, L.~G. and {Brammer}, G.~B. and {Bray}, E.~M. and {Breytenbach}, H. and {Buddelmeijer}, H. and {Burke}, D.~J. and {Calderone}, G. and {Cano Rodr{\'\i}guez}, J.~L. and {Cara}, M. and {Cardoso}, J.~V.~M. and {Cheedella}, S. and {Copin}, Y. and {Corrales}, L. and {Crichton}, D. and {D{\textquoteright}Avella}, D. and {Deil}, C. and {Depagne}, {\'E}. and {Dietrich}, J.~P. and {Donath}, A. and {Droettboom}, M. and {Earl}, N. and {Erben}, T. and {Fabbro}, S. and {Ferreira}, L.~A. and {Finethy}, T. and {Fox}, R.~T. and {Garrison}, L.~H. and {Gibbons}, S.~L.~J. and {Goldstein}, D.~A. and {Gommers}, R. and {Greco}, J.~P. and {Greenfield}, P. and {Groener}, A.~M. and {Grollier}, F. and {Hagen}, A. and {Hirst}, P. and {Homeier}, D. and {Horton}, A.~J. and {Hosseinzadeh}, G. and {Hu}, L. and {Hunkeler}, J.~S. and {Ivezi{\'c}}, {\v{Z}}. and {Jain}, A. and {Jenness}, T. and {Kanarek}, G. and {Kendrew}, S. and {Kern}, N.~S. and {Kerzendorf}, W.~E. and {Khvalko}, A. and {King}, J. and {Kirkby}, D. and {Kulkarni}, A.~M. and {Kumar}, A. and {Lee}, A. and {Lenz}, D. and {Littlefair}, S.~P. and {Ma}, Z. and {Macleod}, D.~M. and {Mastropietro}, M. and {McCully}, C. and {Montagnac}, S. and {Morris}, B.~M. and {Mueller}, M. and {Mumford}, S.~J. and {Muna}, D. and {Murphy}, N.~A. and {Nelson}, S. and {Nguyen}, G.~H. and {Ninan}, J.~P. and {N{\"o}the}, M. and {Ogaz}, S. and {Oh}, S. and {Parejko}, J.~K. and {Parley}, N. and {Pascual}, S. and {Patil}, R. and {Patil}, A.~A. and {Plunkett}, A.~L. and {Prochaska}, J.~X. and {Rastogi}, T. and {Reddy Janga}, V. and {Sabater}, J. and {Sakurikar}, P. and {Seifert}, M. and {Sherbert}, L.~E. and {Sherwood-Taylor}, H. and {Shih}, A.~Y. and {Sick}, J. and {Silbiger}, M.~T. and {Singanamalla}, S. and {Singer}, L.~P. and {Sladen}, P.~H. and {Sooley}, K.~A. and {Sornarajah}, S. and {Streicher}, O. and {Teuben}, P. and {Thomas}, S.~W. and {Tremblay}, G.~R. and {Turner}, J.~E.~H. and {Terr{\'o}n}, V. and {van Kerkwijk}, M.~H. and {de la Vega}, A. and {Watkins}, L.~L. and {Weaver}, B.~A. and {Whitmore}, J.~B. and {Woillez}, J. and {Zabalza}, V. and {Contributors}, (Astropy},
      Doi = {10.3847/1538-3881/aabc4f},
      Eid = {123},
      Journal = {\aj},
      Keywords = {methods: data analysis, methods: miscellaneous, methods: statistical, reference systems, Astrophysics - Instrumentation and Methods for Astrophysics},
      Month = {Sep},
      Pages = {123},
      Primaryclass = {astro-ph.IM},
      Title = {{The Astropy Project: Building an Open-science Project and Status of the v2.0 Core Package}},
      Volume = {156},
      Year = {2018}
}


@article{astropy:2013,
      Adsnote = {Provided by the SAO/NASA Astrophysics Data System},
      Adsurl = {http://adsabs.harvard.edu/abs/2013A%26A...558A..33A},
      Archiveprefix = {arXiv},
      Author = {{Astropy Collaboration} and {Robitaille}, T.~P. and {Tollerud}, E.~J. and {Greenfield}, P. and {Droettboom}, M. and {Bray}, E. and {Aldcroft}, T. and {Davis}, M. and {Ginsburg}, A. and {Price-Whelan}, A.~M. and {Kerzendorf}, W.~E. and {Conley}, A. and {Crighton}, N. and {Barbary}, K. and {Muna}, D. and {Ferguson}, H. and {Grollier}, F. and {Parikh}, M.~M. and {Nair}, P.~H. and {Unther}, H.~M. and {Deil}, C. and {Woillez}, J. and {Conseil}, S. and {Kramer}, R. and {Turner}, J.~E.~H. and {Singer}, L. and {Fox}, R. and {Weaver}, B.~A. and {Zabalza}, V. and {Edwards}, Z.~I. and {Azalee Bostroem}, K. and {Burke}, D.~J. and {Casey}, A.~R. and {Crawford}, S.~M. and {Dencheva}, N. and {Ely}, J. and {Jenness}, T. and {Labrie}, K. and {Lim}, P.~L. and {Pierfederici}, F. and {Pontzen}, A. and {Ptak}, A. and {Refsdal}, B. and {Servillat}, M. and {Streicher}, O.},
      Doi = {10.1051/0004-6361/201322068},
      Eid = {A33},
      Eprint = {1307.6212},
      Journal = {\aap},
      Keywords = {methods: data analysis, methods: miscellaneous, virtual observatory tools},
      Month = {Oct},
      Pages = {A33},
      Primaryclass = {astro-ph.IM},
      Title = {Astropy: A community Python package for astronomy},
      Volume = {558},
      Year = {2013}
}@ARTICLE{matplotlib,
       author = {{Hunter}, John D.},
        title = "{Matplotlib: A 2D Graphics Environment}",
      journal = {Computing in Science and Engineering},
     keywords = {Python, Scripting languages, Application development, Scientific programming},
         year = "2007",
        month = "May",
       volume = {9},
       number = {3},
        pages = {90-95},
          doi = {10.1109/MCSE.2007.55},
       adsurl = {https://ui.adsabs.harvard.edu/abs/2007CSE.....9...90H},
      adsnote = {Provided by the SAO/NASA Astrophysics Data System}
}

@InProceedings{ pandas,
  author    = { Wes McKinney },
  title     = { Data Structures for Statistical Computing in Python },
  booktitle = { Proceedings of the 9th Python in Science Conference },
  pages     = { 51 - 56 },
  year      = { 2010 },
  editor    = { St\'efan van der Walt and Jarrod Millman }
}

@MISC{scipy,
  author =    {Eric Jones and Travis Oliphant and Pearu Peterson and others},
  title =     {{SciPy}: Open source scientific tools for {Python}},
  year =      {2001},
  url = "http://www.scipy.org/",
  note = {[Online; accessed <today>]}
}

@ARTICLE{numpy,
       author = {{van der Walt}, St{\'e}fan and {Colbert}, S. Chris and
         {Varoquaux}, Ga{\"e}l},
        title = "{The NumPy Array: A Structure for Efficient Numerical Computation}",
      journal = {Computing in Science and Engineering},
     keywords = {Computer Science - Mathematical Software},
         year = "2011",
        month = "Mar",
       volume = {13},
       number = {2},
        pages = {22-30},
          doi = {10.1109/MCSE.2011.37},
archivePrefix = {arXiv},
       eprint = {1102.1523},
 primaryClass = {cs.MS},
       adsurl = {https://ui.adsabs.harvard.edu/abs/2011CSE....13b..22V},
      adsnote = {Provided by the SAO/NASA Astrophysics Data System}
}

@ARTICLE{Mazzola2020,
       author = {{Mazzola}, Christine N. and {Badenes}, Carles and {Moe}, Maxwell and {Koposov}, Sergey E. and {Kounkel}, Marina and {Kratter}, Kaitlin and {Covey}, Kevin and {Walker}, Matthew G. and {Thompson}, Todd A. and {Andrews}, Brett and {Freeman}, Peter E. and {Anguiano}, Borja and {Carlberg}, Joleen K. and {De Lee}, Nathan M. and {Frinchaboy}, Peter M. and {Lewis}, Hannah M. and {Majewski}, Steven and {Nidever}, David and {Nitschelm}, Christian and {Price-Whelan}, Adrian M. and {Roman-Lopes}, Alexandre and {Stassun}, Keivan G. and {Troup}, Nicholas W.},
        title = "{The close binary fraction as a function of stellar parameters in APOGEE: a strong anticorrelation with {\ensuremath{\alpha}} abundances}",
      journal = {\mnras},
     keywords = {stars: abundances, binaries: close, binaries: spectroscopic, Astrophysics - Solar and Stellar Astrophysics, Astrophysics - Astrophysics of Galaxies},
         year = 2020,
        month = dec,
       volume = {499},
       number = {2},
        pages = {1607-1626},
          doi = {10.1093/mnras/staa2859},
archivePrefix = {arXiv},
       eprint = {2007.09059},
 primaryClass = {astro-ph.SR},
       adsurl = {https://ui.adsabs.harvard.edu/abs/2020MNRAS.499.1607M},
      adsnote = {Provided by the SAO/NASA Astrophysics Data System}
}

@ARTICLE{Caldwell2019,
       author = {{Caldwell}, Robert R. and {Smith}, Tristan L. and {Walker}, Devin G.~E.},
        title = "{Using a primordial gravitational wave background to illuminate new physics}",
      journal = {\prd},
     keywords = {Astrophysics - Cosmology and Nongalactic Astrophysics, General Relativity and Quantum Cosmology, High Energy Physics - Phenomenology},
         year = 2019,
        month = aug,
       volume = {100},
       number = {4},
          eid = {043513},
        pages = {043513},
          doi = {10.1103/PhysRevD.100.043513},
archivePrefix = {arXiv},
       eprint = {1812.07577},
 primaryClass = {astro-ph.CO},
       adsurl = {https://ui.adsabs.harvard.edu/abs/2019PhRvD.100d3513C},
      adsnote = {Provided by the SAO/NASA Astrophysics Data System}
}


@ARTICLE{Cornish2020,
       author = {{Cornish}, Neil J.},
        title = "{Time-frequency analysis of gravitational wave data}",
      journal = {\prd},
     keywords = {General Relativity and Quantum Cosmology, Astrophysics - High Energy Astrophysical Phenomena},
         year = 2020,
        month = dec,
       volume = {102},
       number = {12},
          eid = {124038},
        pages = {124038},
          doi = {10.1103/PhysRevD.102.124038},
archivePrefix = {arXiv},
       eprint = {2009.00043},
 primaryClass = {gr-qc},
       adsurl = {https://ui.adsabs.harvard.edu/abs/2020PhRvD.102l4038C},
      adsnote = {Provided by the SAO/NASA Astrophysics Data System}
}

@ARTICLE{Boileau2021,
       author = {{Boileau}, Guillaume and {Lamberts}, Astrid and {Christensen}, Nelson and {Cornish}, Neil J. and {Meyer}, Renate},
        title = "{Spectral separation of the stochastic gravitational-wave background for LISA in the context of a modulated Galactic foreground}",
      journal = {\mnras},
     keywords = {gravitational waves, white dwarfs, early Universe, General Relativity and Quantum Cosmology},
         year = 2021,
        month = nov,
       volume = {508},
       number = {1},
        pages = {803-826},
          doi = {10.1093/mnras/stab2575},
archivePrefix = {arXiv},
       eprint = {2105.04283},
 primaryClass = {gr-qc},
       adsurl = {https://ui.adsabs.harvard.edu/abs/2021MNRAS.508..803B},
      adsnote = {Provided by the SAO/NASA Astrophysics Data System}
}

@ARTICLE{Adams2014,
       author = {{Adams}, Matthew R. and {Cornish}, Neil J.},
        title = "{Detecting a stochastic gravitational wave background in the presence of a galactic foreground and instrument noise}",
      journal = {\prd},
     keywords = {04.80.Nn, 07.60.Ly, 95.55.Ym, 98.70.Vc, Gravitational wave detectors and experiments, Interferometers, Gravitational radiation detectors, mass spectrometers, and other instrumentation and techniques, Background radiations, General Relativity and Quantum Cosmology, Astrophysics - Cosmology and Extragalactic Astrophysics},
         year = 2014,
        month = jan,
       volume = {89},
       number = {2},
          eid = {022001},
        pages = {022001},
          doi = {10.1103/PhysRevD.89.022001},
archivePrefix = {arXiv},
       eprint = {1307.4116},
 primaryClass = {gr-qc},
       adsurl = {https://ui.adsabs.harvard.edu/abs/2014PhRvD..89b2001A},
      adsnote = {Provided by the SAO/NASA Astrophysics Data System}
}

@ARTICLE{Bartolo2016,
       author = {{Bartolo}, Nicola and {Caprini}, Chiara and {Domcke}, Valerie and {Figueroa}, Daniel G. and {Garcia-Bellido}, Juan and {Chiara Guzzetti}, Maria and {Liguori}, Michele and {Matarrese}, Sabino and {Peloso}, Marco and {Petiteau}, Antoine and {Ricciardone}, Angelo and {Sakellariadou}, Mairi and {Sorbo}, Lorenzo and {Tasinato}, Gianmassimo},
        title = "{Science with the space-based interferometer LISA. IV: probing inflation with gravitational waves}",
      journal = {\jcap},
     keywords = {Astrophysics - Cosmology and Nongalactic Astrophysics, General Relativity and Quantum Cosmology, High Energy Physics - Phenomenology},
         year = 2016,
        month = dec,
       volume = {2016},
       number = {12},
          eid = {026},
        pages = {026},
          doi = {10.1088/1475-7516/2016/12/026},
archivePrefix = {arXiv},
       eprint = {1610.06481},
 primaryClass = {astro-ph.CO},
       adsurl = {https://ui.adsabs.harvard.edu/abs/2016JCAP...12..026B},
      adsnote = {Provided by the SAO/NASA Astrophysics Data System}
}

@ARTICLE{Caprini2016,
       author = {{Caprini}, Chiara and {Hindmarsh}, Mark and {Huber}, Stephan and {Konstandin}, Thomas and {Kozaczuk}, Jonathan and {Nardini}, Germano and {No}, Jose Miguel and {Petiteau}, Antoine and {Schwaller}, Pedro and {Servant}, G{\'e}raldine and {Weir}, David J.},
        title = "{Science with the space-based interferometer eLISA. II: gravitational waves from cosmological phase transitions}",
      journal = {\jcap},
     keywords = {Astrophysics - Cosmology and Nongalactic Astrophysics, General Relativity and Quantum Cosmology, High Energy Physics - Phenomenology},
         year = 2016,
        month = apr,
       volume = {2016},
       number = {4},
          eid = {001},
        pages = {001},
          doi = {10.1088/1475-7516/2016/04/001},
archivePrefix = {arXiv},
       eprint = {1512.06239},
 primaryClass = {astro-ph.CO},
       adsurl = {https://ui.adsabs.harvard.edu/abs/2016JCAP...04..001C},
      adsnote = {Provided by the SAO/NASA Astrophysics Data System}
}

@ARTICLE{Bellovary2019,
       author = {{Bellovary}, Jillian M. and {Cleary}, Colleen E. and {Munshi}, Ferah and {Tremmel}, Michael and {Christensen}, Charlotte R. and {Brooks}, Alyson and {Quinn}, Thomas R.},
        title = "{Multimessenger signatures of massive black holes in dwarf galaxies}",
      journal = {\mnras},
     keywords = {black hole physics, gravitational waves, galaxies: dwarf, Astrophysics - Astrophysics of Galaxies, Astrophysics - High Energy Astrophysical Phenomena},
         year = 2019,
        month = jan,
       volume = {482},
       number = {3},
        pages = {2913-2923},
          doi = {10.1093/mnras/sty2842},
archivePrefix = {arXiv},
       eprint = {1806.00471},
 primaryClass = {astro-ph.GA},
       adsurl = {https://ui.adsabs.harvard.edu/abs/2019MNRAS.482.2913B},
      adsnote = {Provided by the SAO/NASA Astrophysics Data System}
}

@ARTICLE{Klein2016,
       author = {{Klein}, Antoine and {Barausse}, Enrico and {Sesana}, Alberto and {Petiteau}, Antoine and {Berti}, Emanuele and {Babak}, Stanislav and {Gair}, Jonathan and {Aoudia}, Sofiane and {Hinder}, Ian and {Ohme}, Frank and {Wardell}, Barry},
        title = "{Science with the space-based interferometer eLISA: Supermassive black hole binaries}",
      journal = {\prd},
     keywords = {General Relativity and Quantum Cosmology, Astrophysics - High Energy Astrophysical Phenomena},
         year = 2016,
        month = jan,
       volume = {93},
       number = {2},
          eid = {024003},
        pages = {024003},
          doi = {10.1103/PhysRevD.93.024003},
archivePrefix = {arXiv},
       eprint = {1511.05581},
 primaryClass = {gr-qc},
       adsurl = {https://ui.adsabs.harvard.edu/abs/2016PhRvD..93b4003K},
      adsnote = {Provided by the SAO/NASA Astrophysics Data System}
}

@ARTICLE{Barack2007,
       author = {{Barack}, Leor and {Cutler}, Curt},
        title = "{Using LISA extreme-mass-ratio inspiral sources to test off-Kerr deviations in the geometry of massive black holes}",
      journal = {\prd},
     keywords = {04.80.Nn, 04.25.Nx, 04.30.Db, 04.80.Cc, Gravitational wave detectors and experiments, Post-Newtonian approximation, perturbation theory, related approximations, Wave generation and sources, Experimental tests of gravitational theories, General Relativity and Quantum Cosmology, Astrophysics},
         year = 2007,
        month = feb,
       volume = {75},
       number = {4},
          eid = {042003},
        pages = {042003},
          doi = {10.1103/PhysRevD.75.042003},
archivePrefix = {arXiv},
       eprint = {gr-qc/0612029},
 primaryClass = {gr-qc},
       adsurl = {https://ui.adsabs.harvard.edu/abs/2007PhRvD..75d2003B},
      adsnote = {Provided by the SAO/NASA Astrophysics Data System}
}

@ARTICLE{Moore2017,
       author = {{Moore}, Christopher J. and {Chua}, Alvin J.~K. and {Gair}, Jonathan R.},
        title = "{Gravitational waves from extreme mass ratio inspirals around bumpy black holes}",
      journal = {Classical and Quantum Gravity},
     keywords = {General Relativity and Quantum Cosmology, Astrophysics - High Energy Astrophysical Phenomena},
         year = 2017,
        month = oct,
       volume = {34},
       number = {19},
          eid = {195009},
        pages = {195009},
          doi = {10.1088/1361-6382/aa85fa},
archivePrefix = {arXiv},
       eprint = {1707.00712},
 primaryClass = {gr-qc},
       adsurl = {https://ui.adsabs.harvard.edu/abs/2017CQGra..34s5009M},
      adsnote = {Provided by the SAO/NASA Astrophysics Data System}
}

@ARTICLE{Berti2006,
       author = {{Berti}, Emanuele and {Cardoso}, Vitor and {Will}, Clifford M.},
        title = "{Gravitational-wave spectroscopy of massive black holes with the space interferometer LISA}",
      journal = {\prd},
     keywords = {04.70.-s, 04.30.Db, 04.80.Cc, 04.80.Nn, Physics of black holes, Wave generation and sources, Experimental tests of gravitational theories, Gravitational wave detectors and experiments, General Relativity and Quantum Cosmology, Astrophysics, High Energy Physics - Theory},
         year = 2006,
        month = mar,
       volume = {73},
       number = {6},
          eid = {064030},
        pages = {064030},
          doi = {10.1103/PhysRevD.73.064030},
archivePrefix = {arXiv},
       eprint = {gr-qc/0512160},
 primaryClass = {gr-qc},
       adsurl = {https://ui.adsabs.harvard.edu/abs/2006PhRvD..73f4030B},
      adsnote = {Provided by the SAO/NASA Astrophysics Data System}
}

@ARTICLE{Babak2017,
       author = {{Babak}, Stanislav and {Gair}, Jonathan and {Sesana}, Alberto and {Barausse}, Enrico and {Sopuerta}, Carlos F. and {Berry}, Christopher P.~L. and {Berti}, Emanuele and {Amaro-Seoane}, Pau and {Petiteau}, Antoine and {Klein}, Antoine},
        title = "{Science with the space-based interferometer LISA. V. Extreme mass-ratio inspirals}",
      journal = {\prd},
     keywords = {General Relativity and Quantum Cosmology, Astrophysics - Cosmology and Nongalactic Astrophysics, Astrophysics - Astrophysics of Galaxies},
         year = 2017,
        month = may,
       volume = {95},
       number = {10},
          eid = {103012},
        pages = {103012},
          doi = {10.1103/PhysRevD.95.103012},
archivePrefix = {arXiv},
       eprint = {1703.09722},
 primaryClass = {gr-qc},
       adsurl = {https://ui.adsabs.harvard.edu/abs/2017PhRvD..95j3012B},
      adsnote = {Provided by the SAO/NASA Astrophysics Data System}
}

@ARTICLE{Korol2019,
       author = {{Korol}, Valeriya and {Rossi}, Elena M. and {Barausse}, Enrico},
        title = "{A multimessenger study of the Milky Way's stellar disc and bulge with LISA, Gaia, and LSST}",
      journal = {\mnras},
     keywords = {gravitational waves, white dwarfs, Galaxy: bulge, Galaxy: disc, Galaxy: structure, Astrophysics - Astrophysics of Galaxies, General Relativity and Quantum Cosmology},
         year = 2019,
        month = mar,
       volume = {483},
       number = {4},
        pages = {5518-5533},
          doi = {10.1093/mnras/sty3440},
archivePrefix = {arXiv},
       eprint = {1806.03306},
 primaryClass = {astro-ph.GA},
       adsurl = {https://ui.adsabs.harvard.edu/abs/2019MNRAS.483.5518K},
      adsnote = {Provided by the SAO/NASA Astrophysics Data System}
}

@ARTICLE{Valsecchi2012,
       author = {{Valsecchi}, F. and {Farr}, W.~M. and {Willems}, B. and {Deloye}, C.~J. and {Kalogera}, V.},
        title = "{Tidally Induced Apsidal Precession in Double White Dwarfs: A New Mass Measurement Tool with LISA}",
      journal = {\apj},
     keywords = {binaries: general, gravitational waves, stars: interiors, white dwarfs, Astrophysics - Solar and Stellar Astrophysics},
         year = 2012,
        month = feb,
       volume = {745},
       number = {2},
          eid = {137},
        pages = {137},
          doi = {10.1088/0004-637X/745/2/137},
archivePrefix = {arXiv},
       eprint = {1105.4837},
 primaryClass = {astro-ph.SR},
       adsurl = {https://ui.adsabs.harvard.edu/abs/2012ApJ...745..137V},
      adsnote = {Provided by the SAO/NASA Astrophysics Data System}
}

@ARTICLE{Breivik2020b,
       author = {{Breivik}, Katelyn and {Mingarelli}, Chiara M.~F. and {Larson}, Shane L.},
        title = "{Constraining Galactic Structure with the LISA White Dwarf Foreground}",
      journal = {\apj},
     keywords = {Galaxy disks, Galaxy dynamics, Gravitational wave astronomy, White dwarf stars, Stellar populations, 589, 591, 675, 1799, 1622, Astrophysics - Astrophysics of Galaxies, General Relativity and Quantum Cosmology},
         year = 2020,
        month = sep,
       volume = {901},
       number = {1},
          eid = {4},
        pages = {4},
          doi = {10.3847/1538-4357/abab99},
archivePrefix = {arXiv},
       eprint = {1912.02200},
 primaryClass = {astro-ph.GA},
       adsurl = {https://ui.adsabs.harvard.edu/abs/2020ApJ...901....4B},
      adsnote = {Provided by the SAO/NASA Astrophysics Data System}
}

@ARTICLE{Korol2018,
       author = {{Korol}, Valeria and {Koop}, Orlin and {Rossi}, Elena M.},
        title = "{Detectability of Double White Dwarfs in the Local Group with LISA}",
      journal = {\apjl},
     keywords = {binaries: close, gravitational waves, Local Group, white dwarfs, Astrophysics - High Energy Astrophysical Phenomena, General Relativity and Quantum Cosmology},
         year = 2018,
        month = oct,
       volume = {866},
       number = {2},
          eid = {L20},
        pages = {L20},
          doi = {10.3847/2041-8213/aae587},
archivePrefix = {arXiv},
       eprint = {1808.05959},
 primaryClass = {astro-ph.HE},
       adsurl = {https://ui.adsabs.harvard.edu/abs/2018ApJ...866L..20K},
      adsnote = {Provided by the SAO/NASA Astrophysics Data System}
}

@ARTICLE{LISAMissionProposal,
       author = {{Amaro-Seoane}, Pau and {Audley}, Heather and {Babak}, Stanislav and {Baker}, John and {Barausse}, Enrico and {Bender}, Peter and {Berti}, Emanuele and {Binetruy}, Pierre and {Born}, Michael and {Bortoluzzi}, Daniele and {Camp}, Jordan and {Caprini}, Chiara and {Cardoso}, Vitor and {Colpi}, Monica and {Conklin}, John and {Cornish}, Neil and {Cutler}, Curt and {Danzmann}, Karsten and {Dolesi}, Rita and {Ferraioli}, Luigi and {Ferroni}, Valerio and {Fitzsimons}, Ewan and {Gair}, Jonathan and {Gesa Bote}, Lluis and {Giardini}, Domenico and {Gibert}, Ferran and {Grimani}, Catia and {Halloin}, Hubert and {Heinzel}, Gerhard and {Hertog}, Thomas and {Hewitson}, Martin and {Holley-Bockelmann}, Kelly and {Hollington}, Daniel and {Hueller}, Mauro and {Inchauspe}, Henri and {Jetzer}, Philippe and {Karnesis}, Nikos and {Killow}, Christian and {Klein}, Antoine and {Klipstein}, Bill and {Korsakova}, Natalia and {Larson}, Shane L and {Livas}, Jeffrey and {Lloro}, Ivan and {Man}, Nary and {Mance}, Davor and {Martino}, Joseph and {Mateos}, Ignacio and {McKenzie}, Kirk and {McWilliams}, Sean T and {Miller}, Cole and {Mueller}, Guido and {Nardini}, Germano and {Nelemans}, Gijs and {Nofrarias}, Miquel and {Petiteau}, Antoine and {Pivato}, Paolo and {Plagnol}, Eric and {Porter}, Ed and {Reiche}, Jens and {Robertson}, David and {Robertson}, Norna and {Rossi}, Elena and {Russano}, Giuliana and {Schutz}, Bernard and {Sesana}, Alberto and {Shoemaker}, David and {Slutsky}, Jacob and {Sopuerta}, Carlos F. and {Sumner}, Tim and {Tamanini}, Nicola and {Thorpe}, Ira and {Troebs}, Michael and {Vallisneri}, Michele and {Vecchio}, Alberto and {Vetrugno}, Daniele and {Vitale}, Stefano and {Volonteri}, Marta and {Wanner}, Gudrun and {Ward}, Harry and {Wass}, Peter and {Weber}, William and {Ziemer}, John and {Zweifel}, Peter},
        title = "{Laser Interferometer Space Antenna}",
      journal = {arXiv e-prints},
     keywords = {Astrophysics - Instrumentation and Methods for Astrophysics},
         year = 2017,
        month = feb,
          eid = {arXiv:1702.00786},
        pages = {arXiv:1702.00786},
archivePrefix = {arXiv},
       eprint = {1702.00786},
 primaryClass = {astro-ph.IM},
       adsurl = {https://ui.adsabs.harvard.edu/abs/2017arXiv170200786A},
      adsnote = {Provided by the SAO/NASA Astrophysics Data System}
}

@ARTICLE{Korol2021,
       author = {{Korol}, Valeriya and {Hallakoun}, Na'ama and {Toonen}, Silvia and {Karnesis}, Nikolaos},
        title = "{Observationally driven Galactic double white dwarf population for LISA}",
      journal = {arXiv e-prints},
     keywords = {Astrophysics - High Energy Astrophysical Phenomena, General Relativity and Quantum Cosmology},
         year = 2021,
        month = sep,
          eid = {arXiv:2109.10972},
        pages = {arXiv:2109.10972},
archivePrefix = {arXiv},
       eprint = {2109.10972},
 primaryClass = {astro-ph.HE},
       adsurl = {https://ui.adsabs.harvard.edu/abs/2021arXiv210910972K},
      adsnote = {Provided by the SAO/NASA Astrophysics Data System}
}

@ARTICLE{Nissanke2012,
       author = {{Nissanke}, Samaya and {Vallisneri}, Michele and {Nelemans}, Gijs and {Prince}, Thomas A.},
        title = "{Gravitational-wave Emission from Compact Galactic Binaries}",
      journal = {\apj},
     keywords = {binaries: close, Galaxy: general, gravitational waves, methods: data analysis, white dwarfs, Astrophysics - Astrophysics of Galaxies, Astrophysics - Solar and Stellar Astrophysics, General Relativity and Quantum Cosmology},
         year = 2012,
        month = oct,
       volume = {758},
       number = {2},
          eid = {131},
        pages = {131},
          doi = {10.1088/0004-637X/758/2/131},
archivePrefix = {arXiv},
       eprint = {1201.4613},
 primaryClass = {astro-ph.GA},
       adsurl = {https://ui.adsabs.harvard.edu/abs/2012ApJ...758..131N},
      adsnote = {Provided by the SAO/NASA Astrophysics Data System}
}

@ARTICLE{Lamberts2019,
       author = {{Lamberts}, Astrid and {Blunt}, Sarah and {Littenberg}, Tyson B. and {Garrison-Kimmel}, Shea and {Kupfer}, Thomas and {Sanderson}, Robyn E.},
        title = "{Predicting the LISA white dwarf binary population in the Milky Way with cosmological simulations}",
      journal = {\mnras},
     keywords = {gravitational waves, binaries: close, white dwarfs, Galaxy: stellar content, Astrophysics - High Energy Astrophysical Phenomena, General Relativity and Quantum Cosmology},
         year = 2019,
        month = dec,
       volume = {490},
       number = {4},
        pages = {5888-5903},
          doi = {10.1093/mnras/stz2834},
archivePrefix = {arXiv},
       eprint = {1907.00014},
 primaryClass = {astro-ph.HE},
       adsurl = {https://ui.adsabs.harvard.edu/abs/2019MNRAS.490.5888L},
      adsnote = {Provided by the SAO/NASA Astrophysics Data System}
}

@ARTICLE{Yu2013,
       author = {{Yu}, Shenghua and {Jeffery}, C.~S.},
        title = "{The influence of star formation history on the gravitational wave signal from close double degenerates in the thin disc}",
      journal = {\mnras},
     keywords = {binaries: close, stars: evolution, stars: formation, white dwarfs, Galaxy: evolution, Galaxy: structure, Astrophysics - Astrophysics of Galaxies, Astrophysics - Solar and Stellar Astrophysics},
         year = 2013,
        month = feb,
       volume = {429},
       number = {2},
        pages = {1602-1608},
          doi = {10.1093/mnras/sts445},
archivePrefix = {arXiv},
       eprint = {1211.5091},
 primaryClass = {astro-ph.GA},
       adsurl = {https://ui.adsabs.harvard.edu/abs/2013MNRAS.429.1602Y},
      adsnote = {Provided by the SAO/NASA Astrophysics Data System}
}

@ARTICLE{Ruiter2010,
       author = {{Ruiter}, Ashley J. and {Belczynski}, Krzysztof and {Benacquista}, Matthew and {Larson}, Shane L. and {Williams}, Gabriel},
        title = "{The LISA Gravitational Wave Foreground: A Study of Double White Dwarfs}",
      journal = {\apj},
     keywords = {binaries: close, gravitation, gravitational waves, stars: evolution, white dwarfs, Astrophysics},
         year = 2010,
        month = jul,
       volume = {717},
       number = {2},
        pages = {1006-1021},
          doi = {10.1088/0004-637X/717/2/1006},
archivePrefix = {arXiv},
       eprint = {0705.3272},
 primaryClass = {astro-ph},
       adsurl = {https://ui.adsabs.harvard.edu/abs/2010ApJ...717.1006R},
      adsnote = {Provided by the SAO/NASA Astrophysics Data System}
}

@ARTICLE{Nelemans2001a,
       author = {{Nelemans}, G. and {Yungelson}, L.~R. and {Portegies Zwart}, S.~F. and {Verbunt}, F.},
        title = "{Population synthesis for double white dwarfs . I. Close detached systems}",
      journal = {\aap},
     keywords = {STARS: WHITE DWARFS, STARS: STATISTICS, BINARIES: CLOSE, BINARIES: EVOLUTION, Astrophysics},
         year = 2001,
        month = jan,
       volume = {365},
        pages = {491-507},
          doi = {10.1051/0004-6361:20000147},
archivePrefix = {arXiv},
       eprint = {astro-ph/0010457},
 primaryClass = {astro-ph},
       adsurl = {https://ui.adsabs.harvard.edu/abs/2001A&A...365..491N},
      adsnote = {Provided by the SAO/NASA Astrophysics Data System}
}


@ARTICLE{Vink2001,
       author = {{Vink}, Jorick S. and {de Koter}, A. and {Lamers}, H.~J.~G.~L.~M.},
        title = "{Mass-loss predictions for O and B stars as a function of metallicity}",
      journal = {\aap},
     keywords = {STARS: EARLY-TYPE, STARS: MASS-LOSS, STARS: SUPERGIANTS, STARS: WINDS, STARS: EVOLUTION, Astrophysics},
         year = 2001,
        month = apr,
       volume = {369},
        pages = {574-588},
          doi = {10.1051/0004-6361:20010127},
archivePrefix = {arXiv},
       eprint = {astro-ph/0101509},
 primaryClass = {astro-ph},
       adsurl = {https://ui.adsabs.harvard.edu/abs/2001A&A...369..574V},
      adsnote = {Provided by the SAO/NASA Astrophysics Data System}
}

@ARTICLE{deMink2007,
       author = {{de Mink}, S.~E. and {Pols}, O.~R. and {Hilditch}, R.~W.},
        title = "{Efficiency of mass transfer in massive close binaries. Tests from double-lined eclipsing binaries in the SMC}",
      journal = {\aap},
     keywords = {binaries: close, binaries: eclipsing, binaries: spectroscopic, Magellanic Clouds, stars: evolution, stars: mass-loss, Astrophysics},
         year = 2007,
        month = jun,
       volume = {467},
       number = {3},
        pages = {1181-1196},
          doi = {10.1051/0004-6361:20067007},
archivePrefix = {arXiv},
       eprint = {astro-ph/0703480},
 primaryClass = {astro-ph},
       adsurl = {https://ui.adsabs.harvard.edu/abs/2007A&A...467.1181D},
      adsnote = {Provided by the SAO/NASA Astrophysics Data System}
}

@ARTICLE{Mandhai2021,
       author = {{Mandhai}, S. and {Lamb}, G.~P. and {Tanvir}, N.~R. and {Bray}, J. and {Nixon}, C.~J. and {Eyles-Ferris}, R.~A.~J. and {Levan}, A.~J. and {Gompertz}, B.~P.},
        title = "{Exploring compact binary merger host galaxies and environments with $\rm{zELDA}$}",
      journal = {arXiv e-prints},
     keywords = {Astrophysics - High Energy Astrophysical Phenomena},
         year = 2021,
        month = sep,
          eid = {arXiv:2109.09714},
        pages = {arXiv:2109.09714},
archivePrefix = {arXiv},
       eprint = {2109.09714},
 primaryClass = {astro-ph.HE},
       adsurl = {https://ui.adsabs.harvard.edu/abs/2021arXiv210909714M},
      adsnote = {Provided by the SAO/NASA Astrophysics Data System}
}

@ARTICLE{Sanderson2020,
       author = {{Sanderson}, Robyn E. and {Wetzel}, Andrew and {Loebman}, Sarah and {Sharma}, Sanjib and {Hopkins}, Philip F. and {Garrison-Kimmel}, Shea and {Faucher-Gigu{\`e}re}, Claude-Andr{\'e} and {Kere{\v{s}}}, Du{\v{s}}an and {Quataert}, Eliot},
        title = "{Synthetic Gaia Surveys from the FIRE Cosmological Simulations of Milky Way-mass Galaxies}",
      journal = {\apjs},
     keywords = {Astrometry, Astronomical simulations, 80, 1857, Astrophysics - Astrophysics of Galaxies, Astrophysics - Instrumentation and Methods for Astrophysics},
         year = 2020,
        month = jan,
       volume = {246},
       number = {1},
          eid = {6},
        pages = {6},
          doi = {10.3847/1538-4365/ab5b9d},
archivePrefix = {arXiv},
       eprint = {1806.10564},
 primaryClass = {astro-ph.GA},
       adsurl = {https://ui.adsabs.harvard.edu/abs/2020ApJS..246....6S},
      adsnote = {Provided by the SAO/NASA Astrophysics Data System}
}

@ARTICLE{Benacquista2006,
       author = {{Benacquista}, M. and {Holley-Bockelmann}, K.},
        title = "{Consequences of Disk Scale Height on LISA Confusion Noise from Close White Dwarf Binaries}",
      journal = {\apj},
     keywords = {Stars: Binaries: Close, Galaxy: Structure, Gravitational Waves, Stars: White Dwarfs, Astrophysics, General Relativity and Quantum Cosmology},
         year = 2006,
        month = jul,
       volume = {645},
       number = {1},
        pages = {589-596},
          doi = {10.1086/504024},
archivePrefix = {arXiv},
       eprint = {astro-ph/0504135},
 primaryClass = {astro-ph},
       adsurl = {https://ui.adsabs.harvard.edu/abs/2006ApJ...645..589B},
      adsnote = {Provided by the SAO/NASA Astrophysics Data System}
}


@ARTICLE{Littenberg2020,
       author = {{Littenberg}, Tyson B. and {Cornish}, Neil J. and {Lackeos}, Kristen and {Robson}, Travis},
        title = "{Global analysis of the gravitational wave signal from Galactic binaries}",
      journal = {\prd},
     keywords = {General Relativity and Quantum Cosmology, Astrophysics - High Energy Astrophysical Phenomena, Astrophysics - Instrumentation and Methods for Astrophysics},
         year = 2020,
        month = jun,
       volume = {101},
       number = {12},
          eid = {123021},
        pages = {123021},
          doi = {10.1103/PhysRevD.101.123021},
archivePrefix = {arXiv},
       eprint = {2004.08464},
 primaryClass = {gr-qc},
       adsurl = {https://ui.adsabs.harvard.edu/abs/2020PhRvD.101l3021L},
      adsnote = {Provided by the SAO/NASA Astrophysics Data System}
}

@ARTICLE{Peters1964,
       author = {{Peters}, P.~C.},
        title = "{Gravitational Radiation and the Motion of Two Point Masses}",
      journal = {Physical Review},
         year = 1964,
        month = nov,
       volume = {136},
       number = {4B},
        pages = {1224-1232},
          doi = {10.1103/PhysRev.136.B1224},
       adsurl = {https://ui.adsabs.harvard.edu/abs/1964PhRv..136.1224P},
      adsnote = {Provided by the SAO/NASA Astrophysics Data System}
}


@ARTICLE{Tout1997,
       author = {{Tout}, Christopher A. and {Aarseth}, Sverre J. and {Pols}, Onno R. and {Eggleton}, Peter P.},
        title = "{Rapid binary star evolution for N-body simulations and population synthesis}",
      journal = {\mnras},
     keywords = {Binary Stars, Stellar Evolution, Stellar Models, Populations, Computerized Simulation, Astrophysics, METHODS: NUMERICAL, CELESTIAL MECHANICS, STELLAR DYNAMICS, BINARIES: GENERAL, STARS: EVOLUTION, STARS: GENERAL},
         year = 1997,
        month = nov,
       volume = {291},
       number = {4},
        pages = {732-748},
          doi = {10.1093/mnras/291.4.732},
       adsurl = {https://ui.adsabs.harvard.edu/abs/1997MNRAS.291..732T},
      adsnote = {Provided by the SAO/NASA Astrophysics Data System}
}


@ARTICLE{Shen2015,
       author = {{Shen}, Ken J.},
        title = "{Every Interacting Double White Dwarf Binary May Merge}",
      journal = {\apjl},
     keywords = {binaries: close, novae, cataclysmic variables, nuclear reactions, nucleosynthesis, abundances, supernovae: general, white dwarfs, Astrophysics - Solar and Stellar Astrophysics},
         year = 2015,
        month = may,
       volume = {805},
       number = {1},
          eid = {L6},
        pages = {L6},
          doi = {10.1088/2041-8205/805/1/L6},
archivePrefix = {arXiv},
       eprint = {1502.05052},
 primaryClass = {astro-ph.SR},
       adsurl = {https://ui.adsabs.harvard.edu/abs/2015ApJ...805L...6S},
      adsnote = {Provided by the SAO/NASA Astrophysics Data System}
}


@ARTICLE{Eggleton1983,
       author = {{Eggleton}, P.~P.},
        title = "{Aproximations to the radii of Roche lobes.}",
      journal = {\apj},
     keywords = {Binary Stars, Celestial Mechanics, Orbital Elements, Roche Limit, Mass Ratios, Radii, Astrophysics},
         year = 1983,
        month = may,
       volume = {268},
        pages = {368-369},
          doi = {10.1086/160960},
       adsurl = {https://ui.adsabs.harvard.edu/abs/1983ApJ...268..368E},
      adsnote = {Provided by the SAO/NASA Astrophysics Data System}
}



@ARTICLE{Hurley2000,
       author = {{Hurley}, Jarrod R. and {Pols}, Onno R. and {Tout}, Christopher A.},
        title = "{Comprehensive analytic formulae for stellar evolution as a function of mass and metallicity}",
      journal = {\mnras},
     keywords = {METHODS: ANALYTICAL, STARS: EVOLUTION, STARS: FUNDAMENTAL PARAMETERS, STARS: MASS-LOSS, STARS: POPULATION II, GALAXIES: STELLAR CONTENT, Astrophysics},
         year = 2000,
        month = jul,
       volume = {315},
       number = {3},
        pages = {543-569},
          doi = {10.1046/j.1365-8711.2000.03426.x},
archivePrefix = {arXiv},
       eprint = {astro-ph/0001295},
 primaryClass = {astro-ph},
       adsurl = {https://ui.adsabs.harvard.edu/abs/2000MNRAS.315..543H},
      adsnote = {Provided by the SAO/NASA Astrophysics Data System}
}

@ARTICLE{Hurley2002,
       author = {{Hurley}, Jarrod R. and {Tout}, Christopher A. and {Pols}, Onno R.},
        title = "{Evolution of binary stars and the effect of tides on binary populations}",
      journal = {\mnras},
     keywords = {METHODS: ANALYTICAL, METHODS: STATISTICAL, BINARIES: GENERAL, STARS: EVOLUTION, STARS: VARIABLES: OTHER, GALAXIES: STELLAR CONTENT, Astrophysics},
         year = 2002,
        month = feb,
       volume = {329},
       number = {4},
        pages = {897-928},
          doi = {10.1046/j.1365-8711.2002.05038.x},
archivePrefix = {arXiv},
       eprint = {astro-ph/0201220},
 primaryClass = {astro-ph},
       adsurl = {https://ui.adsabs.harvard.edu/abs/2002MNRAS.329..897H},
      adsnote = {Provided by the SAO/NASA Astrophysics Data System}
}

@ARTICLE{Breivik2020a,
       author = {{Breivik}, Katelyn and {Coughlin}, Scott and {Zevin}, Michael and {Rodriguez}, Carl L. and {Kremer}, Kyle and {Ye}, Claire S. and {Andrews}, Jeff J. and {Kurkowski}, Michael and {Digman}, Matthew C. and {Larson}, Shane L. and {Rasio}, Frederic A.},
        title = "{COSMIC Variance in Binary Population Synthesis}",
      journal = {\apj},
     keywords = {Compact binary stars, Interacting binary stars, Stellar populations, Gravitational wave astronomy, 283, 801, 1622, 675, Astrophysics - High Energy Astrophysical Phenomena, Astrophysics - Solar and Stellar Astrophysics},
         year = 2020,
        month = jul,
       volume = {898},
       number = {1},
          eid = {71},
        pages = {71},
          doi = {10.3847/1538-4357/ab9d85},
archivePrefix = {arXiv},
       eprint = {1911.00903},
 primaryClass = {astro-ph.HE},
       adsurl = {https://ui.adsabs.harvard.edu/abs/2020ApJ...898...71B},
      adsnote = {Provided by the SAO/NASA Astrophysics Data System}
}

@ARTICLE{Leiner2021,
       author = {{Leiner}, Emily M. and {Geller}, Aaron},
        title = "{A Census of Blue Stragglers in Gaia DR2 Open Clusters as a Test of Population Synthesis and Mass Transfer Physics}",
      journal = {\apj},
     keywords = {Binary stars, Blue straggler stars, Open star clusters, Roche lobe overflow, Multiple star evolution, 154, 168, 1160, 2155, 2153, Astrophysics - Solar and Stellar Astrophysics, Astrophysics - Astrophysics of Galaxies},
         year = 2021,
        month = feb,
       volume = {908},
       number = {2},
          eid = {229},
        pages = {229},
          doi = {10.3847/1538-4357/abd7e9},
archivePrefix = {arXiv},
       eprint = {2101.11047},
 primaryClass = {astro-ph.SR},
       adsurl = {https://ui.adsabs.harvard.edu/abs/2021ApJ...908..229L},
      adsnote = {Provided by the SAO/NASA Astrophysics Data System}
}

@ARTICLE{Kremer2017,
       author = {{Kremer}, Kyle and {Breivik}, Katelyn and {Larson}, Shane L. and {Kalogera}, Vassiliki},
        title = "{Accreting Double White Dwarf Binaries: Implications for LISA}",
      journal = {\apj},
     keywords = {accretion, accretion disks, binaries: general, celestial mechanics, gravitational waves, stars: mass-loss, Astrophysics - High Energy Astrophysical Phenomena, Astrophysics - Solar and Stellar Astrophysics},
         year = 2017,
        month = sep,
       volume = {846},
       number = {2},
          eid = {95},
        pages = {95},
          doi = {10.3847/1538-4357/aa8557},
archivePrefix = {arXiv},
       eprint = {1707.01104},
 primaryClass = {astro-ph.HE},
       adsurl = {https://ui.adsabs.harvard.edu/abs/2017ApJ...846...95K},
      adsnote = {Provided by the SAO/NASA Astrophysics Data System}
}

@ARTICLE{Breivik2018,
       author = {{Breivik}, Katelyn and {Kremer}, Kyle and {Bueno}, Michael and {Larson}, Shane L. and {Coughlin}, Scott and {Kalogera}, Vassiliki},
        title = "{Characterizing Accreting Double White Dwarf Binaries with the Laser Interferometer Space Antenna and Gaia}",
      journal = {\apjl},
     keywords = {accretion, accretion disks, astrometry, binaries: close, gravitational waves, methods: numerical, white dwarfs, Astrophysics - Solar and Stellar Astrophysics, Astrophysics - High Energy Astrophysical Phenomena, General Relativity and Quantum Cosmology},
         year = 2018,
        month = feb,
       volume = {854},
       number = {1},
          eid = {L1},
        pages = {L1},
          doi = {10.3847/2041-8213/aaaa23},
archivePrefix = {arXiv},
       eprint = {1710.08370},
 primaryClass = {astro-ph.SR},
       adsurl = {https://ui.adsabs.harvard.edu/abs/2018ApJ...854L...1B},
      adsnote = {Provided by the SAO/NASA Astrophysics Data System}
}

@ARTICLE{Kilic2021,
       author = {{Kilic}, Mukremin and {B{\'e}dard}, A. and {Bergeron}, P.},
        title = "{Hidden in plain sight: a double-lined white dwarf binary 26 pc away and a distant cousin}",
      journal = {\mnras},
     keywords = {stars: evolution, stars: individual: WD 1534+503 (GD 347), stars: individual: PG 1632+177, white dwarfs, Astrophysics - Solar and Stellar Astrophysics, Astrophysics - Instrumentation and Methods for Astrophysics},
         year = 2021,
        month = apr,
       volume = {502},
       number = {4},
        pages = {4972-4980},
          doi = {10.1093/mnras/stab439},
archivePrefix = {arXiv},
       eprint = {2102.05688},
 primaryClass = {astro-ph.SR},
       adsurl = {https://ui.adsabs.harvard.edu/abs/2021MNRAS.502.4972K},
      adsnote = {Provided by the SAO/NASA Astrophysics Data System}
}

@ARTICLE{Zevin2021,
       author = {{Zevin}, Michael and {Bavera}, Simone S. and {Berry}, Christopher P.~L. and {Kalogera}, Vicky and {Fragos}, Tassos and {Marchant}, Pablo and {Rodriguez}, Carl L. and {Antonini}, Fabio and {Holz}, Daniel E. and {Pankow}, Chris},
        title = "{One Channel to Rule Them All? Constraining the Origins of Binary Black Holes Using Multiple Formation Pathways}",
      journal = {\apj},
     keywords = {Gravitational wave sources, Gravitational wave astronomy, Stellar mass black holes, LIGO, Stellar evolution, Compact objects, Bayesian statistics, 677, 675, 1611, 920, 1599, 288, 1900, Astrophysics - High Energy Astrophysical Phenomena, Astrophysics - Solar and Stellar Astrophysics, General Relativity and Quantum Cosmology},
         year = 2021,
        month = apr,
       volume = {910},
       number = {2},
          eid = {152},
        pages = {152},
          doi = {10.3847/1538-4357/abe40e},
archivePrefix = {arXiv},
       eprint = {2011.10057},
 primaryClass = {astro-ph.HE},
       adsurl = {https://ui.adsabs.harvard.edu/abs/2021ApJ...910..152Z},
      adsnote = {Provided by the SAO/NASA Astrophysics Data System}
}

@ARTICLE{Zevin2020b,
       author = {{Zevin}, Michael and {Kelley}, Luke Zoltan and {Nugent}, Anya and {Fong}, Wen-fai and {Berry}, Christopher P.~L. and {Kalogera}, Vicky},
        title = "{Forward Modeling of Double Neutron Stars: Insights from Highly Offset Short Gamma-Ray Bursts}",
      journal = {\apj},
     keywords = {Gamma-ray bursts, Supernova dynamics, Neutron stars, Compact binary stars, Stellar evolution, Galaxy evolution, 629, 1664, 1108, 283, 1599, 594, Astrophysics - High Energy Astrophysical Phenomena, Astrophysics - Astrophysics of Galaxies},
         year = 2020,
        month = dec,
       volume = {904},
       number = {2},
          eid = {190},
        pages = {190},
          doi = {10.3847/1538-4357/abc266},
archivePrefix = {arXiv},
       eprint = {1910.03598},
 primaryClass = {astro-ph.HE},
       adsurl = {https://ui.adsabs.harvard.edu/abs/2020ApJ...904..190Z},
      adsnote = {Provided by the SAO/NASA Astrophysics Data System}
}

@ARTICLE{Zevin2020a,
       author = {{Zevin}, Michael and {Spera}, Mario and {Berry}, Christopher P.~L. and {Kalogera}, Vicky},
        title = "{Exploring the Lower Mass Gap and Unequal Mass Regime in Compact Binary Evolution}",
      journal = {\apjl},
     keywords = {Gravitational waves, Gravitational wave sources, Neutron stars, Stellar mass black holes, Astrophysical black holes, Supernovae, Core-collapse supernovae, Stellar evolutionary models, 678, 677, 1108, 1611, 98, 1668, 304, 2046, Astrophysics - High Energy Astrophysical Phenomena, Astrophysics - Solar and Stellar Astrophysics, General Relativity and Quantum Cosmology},
         year = 2020,
        month = aug,
       volume = {899},
       number = {1},
          eid = {L1},
        pages = {L1},
          doi = {10.3847/2041-8213/aba74e},
archivePrefix = {arXiv},
       eprint = {2006.14573},
 primaryClass = {astro-ph.HE},
       adsurl = {https://ui.adsabs.harvard.edu/abs/2020ApJ...899L...1Z},
      adsnote = {Provided by the SAO/NASA Astrophysics Data System}
}


@ARTICLE{Wong2021,
       author = {{Wong}, Kaze W.~K. and {Breivik}, Katelyn and {Kremer}, Kyle and {Callister}, Thomas},
        title = "{Joint constraints on the field-cluster mixing fraction, common envelope efficiency, and globular cluster radii from a population of binary hole mergers via deep learning}",
      journal = {\prd},
     keywords = {Astrophysics - High Energy Astrophysical Phenomena, General Relativity and Quantum Cosmology},
         year = 2021,
        month = apr,
       volume = {103},
       number = {8},
          eid = {083021},
        pages = {083021},
          doi = {10.1103/PhysRevD.103.083021},
archivePrefix = {arXiv},
       eprint = {2011.03564},
 primaryClass = {astro-ph.HE},
       adsurl = {https://ui.adsabs.harvard.edu/abs/2021PhRvD.103h3021W},
      adsnote = {Provided by the SAO/NASA Astrophysics Data System}
}

@ARTICLE{Stephan2019,
       author = {{Stephan}, Alexander P. and {Naoz}, Smadar and {Ghez}, Andrea M. and {Morris}, Mark R. and {Ciurlo}, Anna and {Do}, Tuan and {Breivik}, Katelyn and {Coughlin}, Scott and {Rodriguez}, Carl L.},
        title = "{The Fate of Binaries in the Galactic Center: The Mundane and the Exotic}",
      journal = {\apj},
     keywords = {binaries: general, Galaxy: center, novae, cataclysmic variables, stars: black holes, stars: evolution, stars: kinematics and dynamics, Astrophysics - Solar and Stellar Astrophysics, Astrophysics - Astrophysics of Galaxies, Astrophysics - High Energy Astrophysical Phenomena},
         year = 2019,
        month = jun,
       volume = {878},
       number = {1},
          eid = {58},
        pages = {58},
          doi = {10.3847/1538-4357/ab1e4d},
archivePrefix = {arXiv},
       eprint = {1903.00010},
 primaryClass = {astro-ph.SR},
       adsurl = {https://ui.adsabs.harvard.edu/abs/2019ApJ...878...58S},
      adsnote = {Provided by the SAO/NASA Astrophysics Data System}
}

@ARTICLE{Wang2021,
       author = {{Wang}, Huiyi and {Stephan}, Alexander P. and {Naoz}, Smadar and {Hoang}, Bao-Minh and {Breivik}, Katelyn},
        title = "{Gravitational-wave Signatures from Compact Object Binaries in the Galactic Center}",
      journal = {\apj},
     keywords = {Gravitational wave detectors, Galactic center, Black holes, White dwarf stars, Neutron stars, Binary stars, Compact binary stars, Gravitational waves, 676, 565, 1799, 1108, 154, 283, 678, Astrophysics - High Energy Astrophysical Phenomena, Astrophysics - Astrophysics of Galaxies, Astrophysics - Solar and Stellar Astrophysics},
         year = 2021,
        month = aug,
       volume = {917},
       number = {2},
          eid = {76},
        pages = {76},
          doi = {10.3847/1538-4357/ac088d},
archivePrefix = {arXiv},
       eprint = {2010.15841},
 primaryClass = {astro-ph.HE},
       adsurl = {https://ui.adsabs.harvard.edu/abs/2021ApJ...917...76W},
      adsnote = {Provided by the SAO/NASA Astrophysics Data System}
}

@ARTICLE{Rodriguez2021,
       author = {{Rodriguez}, Carl L. and {Weatherford}, Newlin C. and {Coughlin}, Scott C. and {Seoane}, Pau Amaro and {Breivik}, Katelyn and {Chatterjee}, Sourav and {Fragione}, Giacomo and {K{\i}ro{\u{g}}lu}, Fulya and {Kremer}, Kyle and {Rui}, Nicholas Z. and {Ye}, Claire S. and {Zevin}, Michael and {Rasio}, Frederic A.},
        title = "{Modeling Dense Star Clusters in the Milky Way and Beyond with the Cluster Monte Carlo Code}",
      journal = {arXiv e-prints},
     keywords = {Astrophysics - Astrophysics of Galaxies, Astrophysics - Instrumentation and Methods for Astrophysics},
         year = 2021,
        month = jun,
          eid = {arXiv:2106.02643},
        pages = {arXiv:2106.02643},
archivePrefix = {arXiv},
       eprint = {2106.02643},
 primaryClass = {astro-ph.GA},
       adsurl = {https://ui.adsabs.harvard.edu/abs/2021arXiv210602643R},
      adsnote = {Provided by the SAO/NASA Astrophysics Data System}
}

@ARTICLE{Chatziioannou2017,
       author = {{Chatziioannou}, Katerina and {Clark}, James Alexander and {Bauswein}, Andreas and {Millhouse}, Margaret and {Littenberg}, Tyson B. and {Cornish}, Neil},
        title = "{Inferring the post-merger gravitational wave emission from binary neutron star coalescences}",
      journal = {\prd},
     keywords = {General Relativity and Quantum Cosmology, Astrophysics - High Energy Astrophysical Phenomena},
         year = 2017,
        month = dec,
       volume = {96},
       number = {12},
          eid = {124035},
        pages = {124035},
          doi = {10.1103/PhysRevD.96.124035},
archivePrefix = {arXiv},
       eprint = {1711.00040},
 primaryClass = {gr-qc},
       adsurl = {https://ui.adsabs.harvard.edu/abs/2017PhRvD..96l4035C},
      adsnote = {Provided by the SAO/NASA Astrophysics Data System}
}

@ARTICLE{Jayasinghe2021,
       author = {{Jayasinghe}, T. and {Kochanek}, C.~S. and {Strader}, J. and {Stanek}, K.~Z. and {Vallely}, P.~J. and {Thompson}, Todd A. and {Hinkle}, J.~T. and {Shappee}, B.~J. and {Dupree}, A.~K. and {Auchettl}, K. and {Chomiuk}, L. and {Aydi}, E. and {Dage}, K. and {Hughes}, A. and {Shishkovsky}, L. and {Sokolovsky}, K.~V. and {Swihart}, S. and {Voggel}, K.~T. and {Thompson}, I.~B.},
        title = "{The loudest stellar heartbeat: characterizing the most extreme amplitude heartbeat star system}",
      journal = {\mnras},
     keywords = {binaries: general, stars: early-type, stars: oscillations, stars: massive, stars: variables: general, Astrophysics - Solar and Stellar Astrophysics},
         year = 2021,
        month = sep,
       volume = {506},
       number = {3},
        pages = {4083-4100},
          doi = {10.1093/mnras/stab1920},
archivePrefix = {arXiv},
       eprint = {2104.13925},
 primaryClass = {astro-ph.SR},
       adsurl = {https://ui.adsabs.harvard.edu/abs/2021MNRAS.506.4083J},
      adsnote = {Provided by the SAO/NASA Astrophysics Data System}
}

@ARTICLE{Marsh2004,
       author = {{Marsh}, T.~R. and {Nelemans}, G. and {Steeghs}, D.},
        title = "{Mass transfer between double white dwarfs}",
      journal = {\mnras},
     keywords = {accretion, accretion discs, gravitational waves, binaries: close, novae, cataclysmic variables, white dwarfs, Astrophysics},
         year = 2004,
        month = may,
       volume = {350},
       number = {1},
        pages = {113-128},
          doi = {10.1111/j.1365-2966.2004.07564.x},
archivePrefix = {arXiv},
       eprint = {astro-ph/0312577},
 primaryClass = {astro-ph},
       adsurl = {https://ui.adsabs.harvard.edu/abs/2004MNRAS.350..113M},
      adsnote = {Provided by the SAO/NASA Astrophysics Data System}
}

@ARTICLE{Gokhale2007,
       author = {{Gokhale}, Vayujeet and {Peng}, Xiao Meng and {Frank}, Juhan},
        title = "{Evolution of Close White Dwarf Binaries}",
      journal = {\apj},
     keywords = {Accretion, Accretion Disks, Stars: Binaries: Close, Gravitational Waves, Stars: Novae, Cataclysmic Variables, Stars: White Dwarfs, Astrophysics},
         year = 2007,
        month = feb,
       volume = {655},
       number = {2},
        pages = {1010-1024},
          doi = {10.1086/510119},
archivePrefix = {arXiv},
       eprint = {astro-ph/0610919},
 primaryClass = {astro-ph},
       adsurl = {https://ui.adsabs.harvard.edu/abs/2007ApJ...655.1010G},
      adsnote = {Provided by the SAO/NASA Astrophysics Data System}
}

@ARTICLE{Kremer2015,
       author = {{Kremer}, Kyle and {Sepinsky}, Jeremy and {Kalogera}, Vassiliki},
        title = "{Long-term Evolution of Double White Dwarf Binaries Accreting through Direct Impact}",
      journal = {\apj},
     keywords = {celestial mechanics, binaries: general, accretion, accretion disks, stars: mass-loss, Astrophysics - Solar and Stellar Astrophysics},
         year = 2015,
        month = jun,
       volume = {806},
       number = {1},
          eid = {76},
        pages = {76},
          doi = {10.1088/0004-637X/806/1/76},
archivePrefix = {arXiv},
       eprint = {1502.06147},
 primaryClass = {astro-ph.SR},
       adsurl = {https://ui.adsabs.harvard.edu/abs/2015ApJ...806...76K},
      adsnote = {Provided by the SAO/NASA Astrophysics Data System}
}

@ARTICLE{Sepinsky2014,
       author = {{Sepinsky}, J.~F. and {Kalogera}, V.},
        title = "{Angular Momentum Exchange in White Dwarf Binaries Accreting Through Direct Impact}",
      journal = {\apj},
     keywords = {accretion, accretion disks, binaries: close, celestial mechanics, methods: numerical, stars: mass-loss, Astrophysics - Solar and Stellar Astrophysics},
         year = 2014,
        month = apr,
       volume = {785},
       number = {2},
          eid = {157},
        pages = {157},
          doi = {10.1088/0004-637X/785/2/157},
archivePrefix = {arXiv},
       eprint = {1402.3161},
 primaryClass = {astro-ph.SR},
       adsurl = {https://ui.adsabs.harvard.edu/abs/2014ApJ...785..157S},
      adsnote = {Provided by the SAO/NASA Astrophysics Data System}
}

@ARTICLE{Kroupa2001,
       author = {{Kroupa}, Pavel},
        title = "{On the variation of the initial mass function}",
      journal = {\mnras},
     keywords = {BINARIES: GENERAL, STARS: FORMATION, STARS: KINEMATICS, STARS: LUMINOSITY FUNCTION, MASS FUNCTION, GLOBULAR CLUSTERS: GENERAL, OPEN CLUSTERS AND ASSOCIATIONS: GENERAL, Astrophysics},
         year = 2001,
        month = apr,
       volume = {322},
       number = {2},
        pages = {231-246},
          doi = {10.1046/j.1365-8711.2001.04022.x},
archivePrefix = {arXiv},
       eprint = {astro-ph/0009005},
 primaryClass = {astro-ph},
       adsurl = {https://ui.adsabs.harvard.edu/abs/2001MNRAS.322..231K},
      adsnote = {Provided by the SAO/NASA Astrophysics Data System}
}

@ARTICLE{Goldberg1994,
       author = {{Goldberg}, D. and {Mazeh}, T.},
        title = "{The mass-ratio distribution of the spectroscopic binaries in the Pleiades.}",
      journal = {\aap},
     keywords = {Binary Stars, Mass Distribution, Mass Ratios, Pleiades Cluster, Radial Velocity, Stellar Mass, Stellar Orbits, Algorithms, Astronomical Photometry, Iterative Solution, Sky Surveys (Astronomy), Stellar Evolution, Stellar Models, Astronomy},
         year = 1994,
        month = feb,
       volume = {282},
        pages = {801-803},
       adsurl = {https://ui.adsabs.harvard.edu/abs/1994A&A...282..801G},
      adsnote = {Provided by the SAO/NASA Astrophysics Data System}
}

@ARTICLE{Mazeh1992,
       author = {{Mazeh}, Tsevi and {Goldberg}, Dorit and {Duquennoy}, Antoine and {Mayor}, Michel},
        title = "{On the Mass-Ratio Distribution of Spectroscopic Binaries with Solar-Type Primaries}",
      journal = {\apj},
     keywords = {Binary Stars, G Stars, Mass Ratios, Stellar Mass, Dwarf Stars, Radial Velocity, Sky Surveys (Astronomy), Statistical Analysis, Astrophysics, STARS: BINARIES: SPECTROSCOPIC, STARS: FUNDAMENTAL PARAMETERS},
         year = 1992,
        month = dec,
       volume = {401},
        pages = {265},
          doi = {10.1086/172058},
       adsurl = {https://ui.adsabs.harvard.edu/abs/1992ApJ...401..265M},
      adsnote = {Provided by the SAO/NASA Astrophysics Data System}
}



@ARTICLE{Geller2019,
       author = {{Geller}, Aaron M. and {Leigh}, Nathan W.~C. and {Giersz}, Mirek and {Kremer}, Kyle and {Rasio}, Frederic A.},
        title = "{In Search of the Thermal Eccentricity Distribution}",
      journal = {\apj},
     keywords = {binaries: general, globular clusters: general, methods: numerical, open clusters and associations: general, stars: black holes, stars: kinematics and dynamics, Astrophysics - Solar and Stellar Astrophysics, Astrophysics - Astrophysics of Galaxies},
         year = 2019,
        month = feb,
       volume = {872},
       number = {2},
          eid = {165},
        pages = {165},
          doi = {10.3847/1538-4357/ab0214},
archivePrefix = {arXiv},
       eprint = {1902.00019},
 primaryClass = {astro-ph.SR},
       adsurl = {https://ui.adsabs.harvard.edu/abs/2019ApJ...872..165G},
      adsnote = {Provided by the SAO/NASA Astrophysics Data System}
}


@ARTICLE{Claeys2014,
       author = {{Claeys}, J.~S.~W. and {Pols}, O.~R. and {Izzard}, R.~G. and {Vink}, J. and {Verbunt}, F.~W.~M.},
        title = "{Theoretical uncertainties of the Type Ia supernova rate}",
      journal = {\aap},
     keywords = {binaries: general, stars: evolution, supernovae: general, Astrophysics - Solar and Stellar Astrophysics},
         year = 2014,
        month = mar,
       volume = {563},
          eid = {A83},
        pages = {A83},
          doi = {10.1051/0004-6361/201322714},
archivePrefix = {arXiv},
       eprint = {1401.2895},
 primaryClass = {astro-ph.SR},
       adsurl = {https://ui.adsabs.harvard.edu/abs/2014A&A...563A..83C},
      adsnote = {Provided by the SAO/NASA Astrophysics Data System}
}

@ARTICLE{Soberman1997,
       author = {{Soberman}, G.~E. and {Phinney}, E.~S. and {van den Heuvel}, E.~P.~J.},
        title = "{Stability criteria for mass transfer in binary stellar evolution.}",
      journal = {\aap},
     keywords = {CLOSE BINARIES, TIDAL INTERACTION, MASS TRANSFER, Astrophysics},
         year = 1997,
        month = nov,
       volume = {327},
        pages = {620-635},
archivePrefix = {arXiv},
       eprint = {astro-ph/9703016},
 primaryClass = {astro-ph},
       adsurl = {https://ui.adsabs.harvard.edu/abs/1997A&A...327..620S},
      adsnote = {Provided by the SAO/NASA Astrophysics Data System}
}

@ARTICLE{Badenes2018,
       author = {{Badenes}, Carles and {Mazzola}, Christine and {Thompson}, Todd A. and {Covey}, Kevin and {Freeman}, Peter E. and {Walker}, Matthew G. and {Moe}, Maxwell and {Troup}, Nicholas and {Nidever}, David and {Allende Prieto}, Carlos and {Andrews}, Brett and {Barb{\'a}}, Rodolfo H. and {Beers}, Timothy C. and {Bovy}, Jo and {Carlberg}, Joleen K. and {De Lee}, Nathan and {Johnson}, Jennifer and {Lewis}, Hannah and {Majewski}, Steven R. and {Pinsonneault}, Marc and {Sobeck}, Jennifer and {Stassun}, Keivan G. and {Stringfellow}, Guy S. and {Zasowski}, Gail},
        title = "{Stellar Multiplicity Meets Stellar Evolution and Metallicity: The APOGEE View}",
      journal = {\apj},
     keywords = {binaries: close, binaries: spectroscopic, stars: evolution, stars: fundamental parameters, Astrophysics - Solar and Stellar Astrophysics},
         year = 2018,
        month = feb,
       volume = {854},
       number = {2},
          eid = {147},
        pages = {147},
          doi = {10.3847/1538-4357/aaa765},
archivePrefix = {arXiv},
       eprint = {1711.00660},
 primaryClass = {astro-ph.SR},
       adsurl = {https://ui.adsabs.harvard.edu/abs/2018ApJ...854..147B},
      adsnote = {Provided by the SAO/NASA Astrophysics Data System}
}


@ARTICLE{Price-Whelan2020,
       author = {{Price-Whelan}, Adrian M. and {Hogg}, David W. and {Rix}, Hans-Walter and {Beaton}, Rachael L. and {Lewis}, Hannah M. and {Nidever}, David L. and {Almeida}, Andr{\'e}s and {Badenes}, Carles and {Barba}, Rodolfo and {Beers}, Timothy C. and {Carlberg}, Joleen K. and {De Lee}, Nathan and {Fern{\'a}ndez-Trincado}, Jos{\'e} G. and {Frinchaboy}, Peter M. and {Garc{\'\i}a-Hern{\'a}ndez}, D.~A. and {Green}, Paul J. and {Hasselquist}, Sten and {Longa-Pe{\~n}a}, Pen{\'e}lope and {Majewski}, Steven R. and {Nitschelm}, Christian and {Sobeck}, Jennifer and {Stassun}, Keivan G. and {Stringfellow}, Guy S. and {Troup}, Nicholas W.},
        title = "{Close Binary Companions to APOGEE DR16 Stars: 20,000 Binary-star Systems Across the Color-Magnitude Diagram}",
      journal = {\apj},
     keywords = {Binary stars, Close binary stars, Radial velocity, Spectroscopy, Astronomy data analysis, Bayesian statistics, Astrostatistics, Surveys, 154, 254, 1332, 1558, 1858, 1900, 1882, 1671, Astrophysics - Solar and Stellar Astrophysics, Astrophysics - Astrophysics of Galaxies},
         year = 2020,
        month = may,
       volume = {895},
       number = {1},
          eid = {2},
        pages = {2},
          doi = {10.3847/1538-4357/ab8acc},
archivePrefix = {arXiv},
       eprint = {2002.00014},
 primaryClass = {astro-ph.SR},
       adsurl = {https://ui.adsabs.harvard.edu/abs/2020ApJ...895....2P},
      adsnote = {Provided by the SAO/NASA Astrophysics Data System}
}

@ARTICLE{Moe2017,
       author = {{Moe}, Maxwell and {Di Stefano}, Rosanne},
        title = "{Mind Your Ps and Qs: The Interrelation between Period (P) and Mass-ratio (Q) Distributions of Binary Stars}",
      journal = {\apjs},
     keywords = {binaries: close, binaries: general, stars: evolution, stars: formation, stars: massive, stars: statistics, Astrophysics - Solar and Stellar Astrophysics},
         year = 2017,
        month = jun,
       volume = {230},
       number = {2},
          eid = {15},
        pages = {15},
          doi = {10.3847/1538-4365/aa6fb6},
archivePrefix = {arXiv},
       eprint = {1606.05347},
 primaryClass = {astro-ph.SR},
       adsurl = {https://ui.adsabs.harvard.edu/abs/2017ApJS..230...15M},
      adsnote = {Provided by the SAO/NASA Astrophysics Data System}
}

@ARTICLE{Moe2019,
       author = {{Moe}, Maxwell and {Kratter}, Kaitlin M. and {Badenes}, Carles},
        title = "{The Close Binary Fraction of Solar-type Stars Is Strongly Anticorrelated with Metallicity}",
      journal = {\apj},
     keywords = {binaries: close, binaries: eclipsing, binaries: spectroscopic, stars: abundances, stars: formation, stars: solar-type, Astrophysics - Solar and Stellar Astrophysics, Astrophysics - Astrophysics of Galaxies},
         year = 2019,
        month = apr,
       volume = {875},
       number = {1},
          eid = {61},
        pages = {61},
          doi = {10.3847/1538-4357/ab0d88},
archivePrefix = {arXiv},
       eprint = {1808.02116},
 primaryClass = {astro-ph.SR},
       adsurl = {https://ui.adsabs.harvard.edu/abs/2019ApJ...875...61M},
      adsnote = {Provided by the SAO/NASA Astrophysics Data System}
}


@ARTICLE{Wetzel2016,
       author = {{Wetzel}, Andrew R. and {Hopkins}, Philip F. and {Kim}, Ji-hoon and {Faucher-Gigu{\`e}re}, Claude-Andr{\'e} and {Kere{\v{s}}}, Du{\v{s}}an and {Quataert}, Eliot},
        title = "{Reconciling Dwarf Galaxies with {\ensuremath{\Lambda}}CDM Cosmology: Simulating a Realistic Population of Satellites around a Milky Way-mass Galaxy}",
      journal = {\apjl},
     keywords = {cosmology: theory, galaxies: dwarf, galaxies: formation, galaxies: star formation, Local Group, methods: numerical, Astrophysics - Astrophysics of Galaxies},
         year = 2016,
        month = aug,
       volume = {827},
       number = {2},
          eid = {L23},
        pages = {L23},
          doi = {10.3847/2041-8205/827/2/L23},
archivePrefix = {arXiv},
       eprint = {1602.05957},
 primaryClass = {astro-ph.GA},
       adsurl = {https://ui.adsabs.harvard.edu/abs/2016ApJ...827L..23W},
      adsnote = {Provided by the SAO/NASA Astrophysics Data System}
}

@ARTICLE{Hopkins2015,
       author = {{Hopkins}, Philip F.},
        title = "{A new class of accurate, mesh-free hydrodynamic simulation methods}",
      journal = {\mnras},
     keywords = {hydrodynamics, instabilities, turbulence, methods: numerical, cosmology: theory, Astrophysics - Cosmology and Nongalactic Astrophysics, Astrophysics - Astrophysics of Galaxies, Astrophysics - Instrumentation and Methods for Astrophysics, Physics - Computational Physics, Physics - Fluid Dynamics},
         year = 2015,
        month = jun,
       volume = {450},
       number = {1},
        pages = {53-110},
          doi = {10.1093/mnras/stv195},
archivePrefix = {arXiv},
       eprint = {1409.7395},
 primaryClass = {astro-ph.CO},
       adsurl = {https://ui.adsabs.harvard.edu/abs/2015MNRAS.450...53H},
      adsnote = {Provided by the SAO/NASA Astrophysics Data System}
}

@ARTICLE{Hopkins2018,
       author = {{Hopkins}, Philip F. and {Wetzel}, Andrew and {Kere{\v{s}}}, Du{\v{s}}an and {Faucher-Gigu{\`e}re}, Claude-Andr{\'e} and {Quataert}, Eliot and {Boylan-Kolchin}, Michael and {Murray}, Norman and {Hayward}, Christopher C. and {Garrison-Kimmel}, Shea and {Hummels}, Cameron and {Feldmann}, Robert and {Torrey}, Paul and {Ma}, Xiangcheng and {Angl{\'e}s-Alc{\'a}zar}, Daniel and {Su}, Kung-Yi and {Orr}, Matthew and {Schmitz}, Denise and {Escala}, Ivanna and {Sanderson}, Robyn and {Grudi{\'c}}, Michael Y. and {Hafen}, Zachary and {Kim}, Ji-Hoon and {Fitts}, Alex and {Bullock}, James S. and {Wheeler}, Coral and {Chan}, T.~K. and {Elbert}, Oliver D. and {Narayanan}, Desika},
        title = "{FIRE-2 simulations: physics versus numerics in galaxy formation}",
      journal = {\mnras},
     keywords = {methods: numerical, stars: formation, galaxies: active, galaxies: evolution, galaxies: formation, cosmology: theory, Astrophysics - Astrophysics of Galaxies, Astrophysics - Cosmology and Nongalactic Astrophysics, Astrophysics - Instrumentation and Methods for Astrophysics},
         year = 2018,
        month = oct,
       volume = {480},
       number = {1},
        pages = {800-863},
          doi = {10.1093/mnras/sty1690},
archivePrefix = {arXiv},
       eprint = {1702.06148},
 primaryClass = {astro-ph.GA},
       adsurl = {https://ui.adsabs.harvard.edu/abs/2018MNRAS.480..800H},
      adsnote = {Provided by the SAO/NASA Astrophysics Data System}
}

@INBOOK{Webbink1985,
       author = {{Webbink}, R.~F.},
        title = "{Stellar evolution and binaries}",
    booktitle = {Interacting Binary Stars},
         year = 1985,
       editor = {{Pringle}, J.~E. and {Wade}, R.~A.},
        pages = {39},
       adsurl = {https://ui.adsabs.harvard.edu/abs/1985ibs..book...39W},
      adsnote = {Provided by the SAO/NASA Astrophysics Data System}
}

@ARTICLE{Flanagan1998,
       author = {{Flanagan}, {\'E}anna {\'E}. and {Hughes}, Scott A.},
        title = "{Measuring gravitational waves from binary black hole coalescences. I. Signal to noise for inspiral, merger, and ringdown}",
      journal = {\prd},
     keywords = {04.80.Nn, 04.25.Dm, 04.30.Db, 95.55.Ym, Gravitational wave detectors and experiments, Numerical relativity, Wave generation and sources, Gravitational radiation detectors, mass spectrometers, and other instrumentation and techniques, General Relativity and Quantum Cosmology, Astrophysics},
         year = 1998,
        month = apr,
       volume = {57},
       number = {8},
        pages = {4535-4565},
          doi = {10.1103/PhysRevD.57.4535},
archivePrefix = {arXiv},
       eprint = {gr-qc/9701039},
 primaryClass = {gr-qc},
       adsurl = {https://ui.adsabs.harvard.edu/abs/1998PhRvD..57.4535F},
      adsnote = {Provided by the SAO/NASA Astrophysics Data System}
}

@ARTICLE{Robson2019,
       author = {{Robson}, Travis and {Cornish}, Neil J. and {Liu}, Chang},
        title = "{The construction and use of LISA sensitivity curves}",
      journal = {Classical and Quantum Gravity},
     keywords = {Astrophysics - High Energy Astrophysical Phenomena, General Relativity and Quantum Cosmology},
         year = 2019,
        month = may,
       volume = {36},
       number = {10},
          eid = {105011},
        pages = {105011},
          doi = {10.1088/1361-6382/ab1101},
archivePrefix = {arXiv},
       eprint = {1803.01944},
 primaryClass = {astro-ph.HE},
       adsurl = {https://ui.adsabs.harvard.edu/abs/2019CQGra..36j5011R},
      adsnote = {Provided by the SAO/NASA Astrophysics Data System}
}

@ARTICLE{Korol2017,
       author = {{Korol}, Valeriya and {Rossi}, Elena M. and {Groot}, Paul J. and {Nelemans}, Gijs and {Toonen}, Silvia and {Brown}, Anthony G.~A.},
        title = "{Prospects for detection of detached double white dwarf binaries with Gaia, LSST and LISA}",
      journal = {\mnras},
     keywords = {gravitational waves, binaries: close, binaries: eclipsing - white dwarfs, Astrophysics - High Energy Astrophysical Phenomena},
         year = 2017,
        month = sep,
       volume = {470},
       number = {2},
        pages = {1894-1910},
          doi = {10.1093/mnras/stx1285},
archivePrefix = {arXiv},
       eprint = {1703.02555},
 primaryClass = {astro-ph.HE},
       adsurl = {https://ui.adsabs.harvard.edu/abs/2017MNRAS.470.1894K},
      adsnote = {Provided by the SAO/NASA Astrophysics Data System}
}

@ARTICLE{Toonen2012,
       author = {{Toonen}, S. and {Nelemans}, G. and {Portegies Zwart}, S.},
        title = "{Supernova Type Ia progenitors from merging double white dwarfs. Using a new population synthesis model}",
      journal = {\aap},
     keywords = {binaries: close, stars: evolution, white dwarfs, supernovae: general, Astrophysics - High Energy Astrophysical Phenomena, Astrophysics - Solar and Stellar Astrophysics},
         year = 2012,
        month = oct,
       volume = {546},
          eid = {A70},
        pages = {A70},
          doi = {10.1051/0004-6361/201218966},
archivePrefix = {arXiv},
       eprint = {1208.6446},
 primaryClass = {astro-ph.HE},
       adsurl = {https://ui.adsabs.harvard.edu/abs/2012A&A...546A..70T},
      adsnote = {Provided by the SAO/NASA Astrophysics Data System}
}

@ARTICLE{Amard2020,
   title={The Impact of Metallicity on the Evolution of the Rotation and Magnetic Activity of Sun-like Stars},
   volume={889},
   ISSN={1538-4357},
   url={http://dx.doi.org/10.3847/1538-4357/ab6173},
   DOI={10.3847/1538-4357/ab6173},
   number={2},
   journal={The Astrophysical Journal},
   publisher={American Astronomical Society},
   author={Amard, Louis and Matt, Sean P.},
   year={2020},
   month={Jan},
   pages={108}
}

@ARTICLE{Amard2019,
	author = {{Amard, L.} and {Palacios, A.} and {Charbonnel, C.} and {Gallet, F.} and {Georgy, C.} and {Lagarde, N.} and {Siess, L.}},
	title = {First grids of low-mass stellar models and isochrones with self-consistent treatment of rotation - From 0.2 to 1.5 M seven metallicities from PMS to TAMS},
	DOI= "10.1051/0004-6361/201935160",
	url= "https://doi.org/10.1051/0004-6361/201935160",
	journal = {A\&A},
	year = 2019,
	volume = 631,
	pages = "A77",
}
